<record><leader>00000cas a22000007a 4500</leader><controlfield tag="001">14875114</controlfield><controlfield tag="008">861125d19271950iauwr ne      0    0eng d</controlfield><datafield ind1=" " ind2=" " tag="010"><subfield code="a">sn 86060276 </subfield></datafield><datafield ind1=" " ind2=" " tag="040"><subfield code="a">INP</subfield><subfield code="b">eng</subfield><subfield code="c">INP</subfield><subfield code="d">OCLCQ</subfield></datafield><datafield ind1=" " ind2=" " tag="042"><subfield code="a">msc</subfield></datafield><datafield ind1="0" ind2="4" tag="245"><subfield code="a">The Rockwell City advocate and the Calhoun County Republican.</subfield></datafield><datafield ind1="1" ind2="3" tag="246"><subfield code="a">Advocate and the Calhoun County Republican</subfield><subfield code="f">Nov. 17, 1927-June 1, 1933</subfield></datafield><datafield ind1="1" ind2="3" tag="246"><subfield code="a">Advocate</subfield><subfield code="f">Oct. 27-Nov. 10, 1927</subfield></datafield><datafield ind1="1" ind2="7" tag="246"><subfield code="a">Rockwell City advocate</subfield><subfield code="f">Dec. 2, 1943-1950</subfield></datafield><datafield ind1=" " ind2=" " tag="260"><subfield code="a">Rockwell City, Calhoun County, Iowa :</subfield><subfield code="b">A.R. Hultman,</subfield><subfield code="c">1927-1950.</subfield></datafield><datafield ind1=" " ind2=" " tag="300"><subfield code="a">24 v. :</subfield><subfield code="b">ill.</subfield></datafield><datafield ind1=" " ind2=" " tag="310"><subfield code="a">Weekly</subfield></datafield><datafield ind1="0" ind2=" " tag="362"><subfield code="a">Vol. 37, no. 43 (Oct. 27, 1927)-60th year, no. 1 (Jan. 5, 1950).</subfield></datafield><datafield ind1=" " ind2=" " tag="500"><subfield code="a">Publisher varies.</subfield></datafield><datafield ind1=" " ind2=" " tag="500"><subfield code="a">Includes section called: Jolley advocate, Oct. 27-Nov. 17, 1927.</subfield></datafield><datafield ind1=" " ind2=" " tag="752"><subfield code="a">United States</subfield><subfield code="b">Iowa</subfield><subfield code="c">Calhoun</subfield><subfield code="d">Rockwell City.</subfield></datafield><datafield ind1=" " ind2=" " tag="752"><subfield code="a">United States</subfield><subfield code="b">Iowa</subfield><subfield code="c">Calhoun</subfield><subfield code="d">Jolley.</subfield></datafield><datafield ind1="0" ind2="4" tag="780"><subfield code="t">Rockwell City advocate (Rockwell City, Iowa : 1893)</subfield><subfield code="w">(DLC)sn 86060272</subfield></datafield><datafield ind1="0" ind2="4" tag="780"><subfield code="t">Calhoun County Republican</subfield><subfield code="w">(DLC)sn 87057012</subfield></datafield><datafield ind1="0" ind2="0" tag="785"><subfield code="t">Rockwell City advocate (Rockwell City, Iowa : 1950)</subfield><subfield code="w">(DLC)sn 86060277</subfield></datafield><datafield ind1="1" ind2=" " tag="787"><subfield code="t">Jolley advocate</subfield></datafield></record>